<?xml version="1.0" encoding="UTF-8"?><collection xmlns="http://www.loc.gov/MARC21/slim"><record><leader>00459nam--2200157-i-4500</leader><controlfield tag="001">000003677</controlfield><controlfield tag="002">20161230</controlfield><controlfield tag="005">20170304151317</controlfield><controlfield tag="008">060222s1000------------r-----000-0-eng-d</controlfield><datafield ind1=" " ind2=" " tag="100"><subfield code="a">Berthier, A</subfield></datafield><datafield ind1=" " ind2=" " tag="245"><subfield code="a">Les nouveaux modes d eclairage electrique, arc incandescence et vapeur de mercure</subfield></datafield><datafield ind1=" " ind2=" " tag="260"><subfield code="a">Paris</subfield><subfield code="b">H.Dunod Et E.Pinat</subfield><subfield code="c">1908</subfield></datafield><datafield ind1=" " ind2=" " tag="300"><subfield code="a">270 p</subfield></datafield><datafield ind1=" " ind2=" " tag="490"><subfield code="a">L Eclairage Electrique Economique</subfield></datafield><datafield ind1=" " ind2=" " tag="852"><subfield code="a">621.3.535</subfield></datafield><datafield ind1=" " ind2=" " tag="CAT"><subfield code="a">SYS</subfield><subfield code="c">20170304</subfield><subfield code="h">151317</subfield></datafield></record></collection>